@misc{baseballsavant,
  author = {BaseballSavant},
  title = {Statcast},
  year = {2022},
  url = {https://baseballsavant.mlb.com/statcast_home},
  note = {Accedido: 2022-12-01}
}

@book{rao1995bdi,
  title={BDI Agents: From Theory to Practice},
  author={Rao, Anand S. and Georgeff, Michael P.},
  year={1995},
  publisher={Springer},
  address={Berlin, Heidelberg},
  isbn={978-3-540-59498-1},
  doi={10.1007/3-540-59498-1_21},
  url={https://link.springer.com/chapter/10.1007/3-540-59498-1_21}
}

@misc{gemini,
  author = {OpenAI},
  title = {Gemini: Advanced Natural Language Processing},
  year = {2023},
  url = {https://www.openai.com/gemini},
  note = {Accedido: 2023-10-01}
}

@misc{mlb,
  author = {MLB},
  title = {Major League Baseball},
  year = {2023},
  url = {https://www.mlb.com},
  note = {Accedido: 2023-10-01}
}

@misc{statsapi,
  author = {PyPI},
  title = {MLB-StatsAPI},
  year = {2024},
  url = {https://pypi.org/project/MLB-StatsAPI/},
  note = {Accedido: 2024-10-01}
}